@article{weld1994introduction,
  title={An introduction to least commitment planning},
  author={Weld, Daniel S},
  journal={AI Magazine},
  volume={15},
  number={4},
  pages={27--27},
  year={1994}
}

@article{sacerdoti1975nonlinear,
  title={The nonlinear nature of plans},
  author={Sacerdoti, Earl D},
  journal={International Joint Conference on Artificial Intelligence},
  volume={4},
  pages={206--214},
  year={1975}
}

@book{puterman2014markov,
  title={Markov Decision Processes: Discrete Stochastic Dynamic Programming},
  author={Puterman, Martin L},
  year={2014},
  publisher={John Wiley \& Sons}
}

@article{kaelbling1998planning,
  title={Planning and acting in partially observable stochastic domains},
  author={Kaelbling, Leslie Pack and Littman, Michael L and Cassandra, Anthony R},
  journal={Artificial Intelligence},
  volume={101},
  number={1-2},
  pages={99--134},
  year={1998},
  publisher={Elsevier}
}

@article{kushmerick1995algorithm,
  title={An algorithm for probabilistic planning},
  author={Kushmerick, Nicholas and Hanks, Steve and Weld, Daniel},
  journal={Artificial Intelligence},
  volume={76},
  number={1-2},
  pages={239--286},
  year={1995},
  publisher={Elsevier}
}

@article{boutilier1999sequential,
  title={Sequential optimality and coordination in multiagent systems},
  author={Boutilier, Craig},
  journal={International Joint Conference on Artificial Intelligence},
  volume={16},
  pages={478--485},
  year={1999}
}

@article{durfee1999distributed,
  title={Distributed problem solving and planning},
  author={Durfee, Edmund H},
  journal={Multiagent Systems: A Modern Approach to Distributed Artificial Intelligence},
  pages={121--164},
  year={1999},
  publisher={MIT Press Cambridge}
}

@inproceedings{tambe1997towards,
  title={Towards flexible teamwork},
  author={Tambe, Milind},
  booktitle={Journal of Artificial Intelligence Research},
  volume={7},
  pages={83--124},
  year={1997}
}

@article{ghavamzadeh2015bayesian,
  title={Bayesian reinforcement learning: A survey},
  author={Ghavamzadeh, Mohammad and Mannor, Shie and Pineau, Joelle and Tamar, Aviv},
  journal={Foundations and Trends in Machine Learning},
  volume={8},
  number={5-6},
  pages={359--483},
  year={2015},
  publisher={Now Publishers Inc}
}

@article{charniak1993bayesian,
  title={Bayesian networks without tears},
  author={Charniak, Eugene},
  journal={AI Magazine},
  volume={12},
  number={4},
  pages={50--63},
  year={1993}
}

@inproceedings{geib2001recognition,
  title={Plan recognition in intrusion detection systems},
  author={Geib, Christopher W and Goldman, Robert P},
  booktitle={DARPA Information Survivability Conference \& Exposition II},
  volume={1},
  pages={46--55},
  year={2001},
  organization={IEEE}
}

@article{baker1994partial,
  title={Partial order, not partial chaos},
  author={Baker, Stephen and Gutman, Yonatan and Schneiderman, Ron},
  journal={Journal of Combinatorial Theory, Series A},
  volume={67},
  number={2},
  pages={174--183},
  year={1994},
  publisher={Elsevier}
}

@article{béchon2014hipop,
  title={HiPOP: Hierarchical Partial-Order Planning},
  author={Béchon, Patrick and Barbier, Magali and Infantes, Guillaume and Lesire, Charles and Vidal, Vincent},
  journal={European Starting AI Researcher Symposium (STAIRS)},
  year={2014}
}

@inproceedings{brafman2003partial,
  title={Partial-order planning with concurrent interacting actions},
  author={Brafman, Ronen I and Domshlak, Carmel},
  booktitle={Journal of Artificial Intelligence Research},
  volume={19},
  pages={363--384},
  year={2003}
}

@article{smith2000biasing,
  title={Biasing probabilistic partial order planning through dependency analysis},
  author={Smith, David E and Weld, Daniel S},
  journal={AAAI},
  year={2000}
}

@inproceedings{rossi2006preferences,
  title={Preferences in constraint satisfaction and optimization},
  author={Rossi, Francesca and Venable, Kristen Brent and Walsh, Toby},
  booktitle={AI Magazine},
  volume={29},
  number={4},
  pages={58--68},
  year={2008}
} 